@INPROCEEDINGS{6651094, 
    author={M. {Wasi-ur-Rahman} and N. S. {Islam} and X. {Lu} and J. {Jose} and H. {Subramoni} and H. {Wang} and D. K. D. {Panda}}, 
    booktitle={2013 IEEE International Symposium on Parallel Distributed Processing, Workshops and Phd Forum}, 
    title={High-Performance RDMA-based Design of Hadoop MapReduce over InfiniBand}, 
    year={2013}, 
    volume={}, 
    number={}, 
    pages={1908-1917},  
    doi={10.1109/IPDPSW.2013.238}, 
    ISSN={}, 
    month={05},
}

