@INPROCEEDINGS{6651094, 
    author={M. {Wasi-ur-Rahman} and N. S. {Islam} and X. {Lu} and J. {Jose} and H. {Subramoni} and H. {Wang} and D. K. D. {Panda}}, 
    booktitle={2013 IEEE International Symposium on Parallel Distributed Processing, Workshops and Phd Forum}, 
    title={High-Performance RDMA-based Design of Hadoop MapReduce over InfiniBand}, 
    year={2013}, 
    volume={}, 
    number={}, 
    pages={1908-1917},  
    doi={10.1109/IPDPSW.2013.238}, 
    ISSN={}, 
    month={05},
}

@inproceedings{Xue:2019:FDD:3302424.3303975,
 author = {Xue, Jilong and Miao, Youshan and Chen, Cheng and Wu, Ming and Zhang, Lintao and Zhou, Lidong},
 title = {Fast Distributed Deep Learning over RDMA},
 booktitle = {Proceedings of the Fourteenth EuroSys Conference 2019},
 series = {EuroSys '19},
 year = {2019},
 isbn = {978-1-4503-6281-8},
 location = {Dresden, Germany},
 pages = {44:1--44:14},
 articleno = {44},
 numpages = {14},
 url = {http://doi.acm.org/10.1145/3302424.3303975},
 doi = {10.1145/3302424.3303975},
 acmid = {3303975},
 publisher = {ACM},
 address = {New York, NY, USA},
} 

@article{Rodiger:2015:HQP:2856318.2856319,
author = {R{\"{o}}diger, Wolf and M{\"{u}}hlbauer, Tobias and Kemper, Alfons and Neumann, Thomas},
doi = {10.14778/2856318.2856319},
issn = {2150-8097},
journal = {Proc. VLDB Endow.},
month = {12},
number = {4},
pages = {228--239},
publisher = {VLDB Endowment},
title = {{High-speed Query Processing over High-speed Networks}},
url = {http://dx.doi.org/10.14778/2856318.2856319},
volume = {9},
year = {2015}
}

@inproceedings{DBLP:conf/sosp/JinLZSLFKS17,
  author    = {Xin Jin and others},
  title     = {NetCache: Balancing Key-Value Stores with Fast In-Network Caching},
  booktitle = {{SOSP}},
  pages     = {121--136},
  year      = {2017},
}

@inproceedings{DBLP:conf/osdi/AbadiBCCDDDGIIK16,
  author    = {M. Abadi and
               others},
  title     = {TensorFlow: {A} System for Large-Scale Machine Learning},
  booktitle = {12th {USENIX} Symposium on Operating Systems Design and Implementation,
               {OSDI} 2016, Savannah, GA, USA, November 2-4, 2016.},
  pages     = {265--283},
  year      = {2016}
}

@misc{mxnet,
   key = "Apache MXNet",
   title = "{Apache MXNet}",
   Howpublished="{\url{https://mxnet.apache.org/}}",
   note = {Accessed: 2019-01-04},
  year      = {2018}
}

@inproceedings{Daiet,
  author    = {Amedeo Sapio and
               others},
  title     = {{DAIET:} a system for data aggregation inside the network},
  booktitle = {{SoCC}},
  pages     = {626},
  publisher = {{ACM}},
  year      = {2017}
}
	
@article{DBLP:journals/pvldb/BarthelsAHSM17,
  author    = {Claude Barthels and
               others},
  title     = {Distributed Join Algorithms on Thousands of Cores},
  journal   = {{PVLDB}},
  volume    = {10},
  number    = {5},
  pages     = {517--528},
  year      = {2017}
}

@inproceedings{DBLP:conf/damon/BlocherZBE18,
  author    = {Marcel Bl{\"{o}}cher and
               others},
  title     = {Boosting scalable data analytics with modern programmable networks},
  booktitle = {ACM DaMoN@SIGMOD},
  pages     = {1:1--1:3},
  publisher = {{ACM}},
  year      = {2018}
}


@inproceedings{piccolo,
  author    = {Russell Power and
               others},
  title     = {{P}iccolo: {B}uilding {F}ast, {D}istributed {P}rograms with {P}artitioned {T}ables},
  booktitle = {{OSDI}},
  pages     = {293--306},
  year      = {2010}
}

@inproceedings{ibvsroce,
  author    = {J{\'{e}}r{\^{o}}me Vienne and others},
  title     = {Performance Analysis and Evaluation of {InfiniBand} {FDR} and {40GigE RoCE} on {HPC} and Cloud Comp. Systems},
  booktitle = {{IEEE HOTI}},
  year      = {2012}
}

@article{DBLP:journals/debu/DragojevicNC17,
  author    = {Aleksandar Dragojevic and
               others},
  title     = {{RDMA} Reads: To Use or Not to Use?},
  journal   = {{IEEE} Data Eng. Bull.},
  volume    = {40},
  number    = {1},
  pages     = {3--14},
  year      = {2017}
}

@inproceedings{DBLP:conf/sc/GreenbergBFMR97,
  author    = {David S. Greenberg and
               others},
  title     = {A System Software Architecture for High End Computing},
  booktitle = {{ACM/IEEE SC}},
  pages     = {53},
  year      = {1997}
}

@article{DBLP:journals/ccr/BosshartDGIMRSTVVW14,
  author    = {Pat Bosshart and
               others},
  title     = {{P4:} programming protocol-independent packet processors},
  journal   = {Computer Communication Review},
  volume    = {44},
  number    = {3},
  pages     = {87--95},
  year      = {2014}
}

@inproceedings{DBLP:conf/asplos/KaufmannPSAK16,
  author    = {Antoine Kaufmann and
               others},
  title     = {High Performance Packet Processing with {FlexNIC}},
  booktitle = {{ACM ASPLOS}},
  pages     = {67--81},
  publisher = {{ACM}},
  year      = {2016}
}

@inproceedings{DBLP:conf/sc/HoeflerGTGB17,
  author    = {Torsten Hoefler and
               others},
  title     = {{sPIN}: High-performance streaming processing in the network},
  booktitle = {{ACM/IEEE SC}},
  pages     = {59:1--59:16},
  publisher = {{ACM}},
  year      = {2017}
}

@book{Gropp:2014:UAM:2717108,
 author = {Gropp, William and others},
 title = {Using Advanced {MPI}: Modern Features of the {Message-Passing Interface}},
 year = {2014},
 isbn = {0262527634, 9780262527637},
 publisher = {The MIT Press},
} 


@article{RDMAVision,
  title={The end of slow networks: It's time for a redesign},
  author={Binnig, Carsten and others},
  journal={{PVLDB}},
  volume={9},
  number={7},
  pages={528--539},
  year={2016}
}


@inproceedings{sqlserverRDMA,
  author    = {Feng Li and
               others},
  title     = {Accelerating Relational Databases by Leveraging Remote Memory and
               {RDMA}},
  booktitle = {{ACM SIGMOD}},
  pages     = {355--370},
  publisher = {{ACM}},
  year      = {2016}
}

@inproceedings{DBLP:conf/ppopp/ChristgauS16,
  author    = {Steffen Christgau and
               Bettina Schnor},
  title     = {Software-managed Cache Coherence for fast One-Sided Communication},
  booktitle = {{ACM PMAM@PPoPP}},
  pages     = {69--77},
  publisher = {{ACM}},
  year      = {2016}
}

@article{DBLP:journals/cse/GriesHKR11,
  author    = {Matthias Gries and
               others},
  title     = {{SCC:} {A} Flexible Architecture for Many-Core Platform Research},
  journal   = {{Computing in Science and Engineering}},
  volume    = {13},
  number    = {6},
  pages     = {79--83},
  year      = {2011}
}

@article{DBLP:journals/debu/CaiGGNPPP18,
  author    = {Mengchu Cai and
               others},
  title     = {Integrated Querying of {SQL} database data and {S3} data in Amazon
               Redshift},
  journal   = {{IEEE} Data Eng. Bull.},
  volume    = {41},
  number    = {2},
  pages     = {82--90},
  year      = {2018}
}

@inproceedings{DBLP:conf/usenix/LuSCL17,
  author    = {Youyou Lu and
               others},
  title     = {Octopus: an RDMA-enabled Distributed Persistent Memory File System},
  booktitle = {{USENIX} {ATC}},
  pages     = {773--785},
  year      = {2017}
}

@inproceedings{reducing_storage,
  author    = {Huanchen Zhang and
               others},
  title     = {{Reducing the Storage Overhead of Main-Memory {OLTP} Databases with
               Hybrid Indexes}},
  booktitle = {{ACM SIGMOD}},
  pages     = {1567--1581},
  year      = {2016}
}

@article{DBLP:journals/jcst/FengLL18,
  author    = {Chen Feng and
               others},
  title     = {Indexing Techniques of Distributed Ordered Tables: {A} Survey and
               Analysis},
  journal   = {J. Comput. Sci. Technol.},
  volume    = {33},
  number    = {1},
  pages     = {169--189},
  year      = {2018}
}

@inproceedings{DBLP:conf/sigir/DanzigANO91,
  author    = {Peter B. Danzig and
               others},
  title     = {Distributed Indexing: {A} Scalable Mechanism for Distributed Information
               Retrieval},
  booktitle = {{ACM} {SIGIR}},
  pages     = {220--229},
  year      = {1991}
}

@inproceedings{DBLP:conf/pdis/Lomet96,
  author    = {David B. Lomet},
  title     = {Replicated Indexes for Distributed Data},
  booktitle = {{PDIS}},
  pages     = {108--119},
  year      = {1996}
}

@inproceedings{DBLP:conf/cloud/CooperSTRS10,
  author    = {Brian F. Cooper and
               others},
  title     = {Benchmarking cloud serving systems with {YCSB}},
  booktitle = {{ACM} {SoCC}},
  pages     = {143--154},
  year      = {2010}
}

@article{DBLP:journals/tocs/ChenCWSCWZG17,
  author    = {Haibo Chen and
               other},
  title     = {Fast In-Memory Transaction Processing Using {RDMA} and {HTM}},
  journal   = {{ACM} Trans. Comput. Syst.},
  volume    = {35},
  number    = {1},
  pages     = {3:1--3:37},
  year      = {2017}
}

@inproceedings{DBLP:conf/ccgrid/NarravulaMVVP07,
  author    = {Sundeep Narravula and
               others},
  title     = {High Performance Distributed Lock Management Services using Network-based
               Remote Atomic Operations},
  booktitle = {{IEEE} {CCGrid}},
  pages     = {583--590},
  year      = {2007}
}

@inproceedings{DBLP:conf/icpp/DevulapalliW05,
  author    = {Ananth Devulapalli and
               others},
  title     = {Distributed Queue-Based Locking Using Advanced Network Features},
  booktitle = {{ICPP}},
  pages     = {408--415},
  year      = {2005}
}

@inproceedings{DBLP:conf/sigmod/YoonCM18,
  author    = {Dong Young Yoon and
               others},
  title     = {Distributed Lock Management with {RDMA:} Decentralization without
               Starvation},
  booktitle = {{ACM SIGMOD}},
  pages     = {1571--1586},
  year      = {2018}
}

@article{DBLP:journals/tods/LehmanY81,
  author    = {Philip L. Lehman and
               others},
  title     = {Efficient Locking for Concurrent Operations on B-Trees},
  journal   = {{ACM TODS}},
  volume    = {6},
  number    = {4},
  pages     = {650--670},
  year      = {1981}
}

@inproceedings{DBLP:conf/damon/LeisSK016,
  author    = {Viktor Leis and
               others},
  title     = {The {ART} of practical synchronization},
  booktitle = {{ACM DaMoN@SIGMOD}},
  pages     = {3:1--3:8},
  year      = {2016}
}

@article{DBLP:journals/pvldb/KruegerKGSSCPDZ11,
  author    = {Jens Kr{\"{u}}ger and
               others},
  title     = {Fast Updates on Read-Optimized Databases Using Multi-Core CPUs},
  journal   = {{PVLDB}},
  volume    = {5},
  number    = {1},
  pages     = {61--72},
  year      = {2011}
}

@inproceedings{DBLP:conf/nsdi/GuLZCS17,
  author    = {Juncheng Gu and
               others},
  title     = {Efficient Memory Disaggregation with Infiniswap},
  booktitle = {{NSDI}},
  pages     = {649--667},
  year      = {2017}
}

@phdthesis{DBLP:phd/dnb/Schmidt17a,
  author    = {Juri Schmidt},
  title     = {Accelerating checkpoint/restart application performance in large-scale
               systems with network attached memory},
  school    = {Universitgay of Heidelberg, Germany},
  year      = {2017}
}

@article{DBLP:journals/debu/SalamaBKSZ17,
  author    = {Abdallah Salama and others},
  title     = {Rethinking Distributed Query Execution on High-Speed Networks},
  journal   = {{IEEE} Data Eng. Bull.},
  volume    = {40},
  number    = {1},
  pages     = {27--37},
  year      = {2017}
}

@article{DBLP:journals/pvldb/ZamanianBKH17,
  author    = {Erfan Zamanian and others},
  title     = {The End of a Myth: Distributed Transaction Can Scale},
  journal   = {{PVLDB}},
  volume    = {10},
  number    = {6},
  pages     = {685--696},
  year      = {2017}
}

@article{hwislands,
  title={Characterization of the Impact of Hardware Islands on OLTP},
  author={Porobic, Danica and others},
  journal={VLDB Journal},
  volume={25},
  number={5},
  pages={625--650},
  year={2016},
  publisher={Springer}
}

@inproceedings{foedus,
  title={{FOEDUS: OLTP engine for a thousand cores and NVRAM}},
  author={Kimura, Hideaki},
  booktitle={Proc. of ACM SIGMOD},
  pages={691--706},
  year={2015},
}

@article{hpwork,
  title={Mostly-optimistic concurrency control for highly contended dynamic workloads on a thousand cores},
  author={Wang, Tianzheng and others},
  journal={PVLDB},
  volume={10},
  number={2},
  pages={49--60},
  year={2016}
}

@article{bailis1,
  title={Scalable atomic visibility with RAMP transactions},
  author={Bailis, Peter and others},
  journal={ACM Transactions on Database Systems (TODS)},
  volume={41},
  number={3},
  pages={15},
  year={2016},
  publisher={ACM}
}

@article{bailis2,
  title={Eventual consistency today: Limitations, extensions, and beyond},
  author={Bailis, Peter and others},
  journal={Communications of the ACM},
  volume={56},
  number={5},
  pages={55--63},
  year={2013},
  publisher={ACM}
}


@article{saphana,
  title={High-Performance Transaction Processing in SAP HANA.},
  author={Lee, Juchang and others},
  journal={{IEEE} Data Eng. Bull.},
  volume={36},
  number={2},
  pages={28--33},
  year={2013}
}

@misc{TPCC,
  key = "tpcc",
  title = {{TPC-C}},
  howpublished = {\url{http://www.tpc.org/tpcc/}}
}

@misc{AzureElasticDB,
  key = "AzureElasticDB",
  title = {{Scaling out with Azure SQL Database}},
  howpublished = {\url{https://azure.microsoft.com/en-us/documentation/articles/sql-database-elastic-scale-introduction/}}
}


@misc{RAC,
   key = {RAC},
   title = "{{Delivering Application Performance with 
Oracle’s InfiniBand Technology}}",
    booktitle = {Oracle white paper},
   year = 2012,
}

@book{purescale,
 author = {Vlad Barshai and others},
 //author = {Vlad Barshai, Yvonne Chan, Hua Lu, Satpal Sohal},
 title = {Delivering Continuity and Extreme Capacity with the IBM DB2 pureScale Feature},
 year = {2012},
 publisher = {IBM Redbooks}
} 

@inproceedings{spinningjoin,
  title={A spinning join that does not get dizzy},
  author={Frey, Philip W and others},
  booktitle={Proc. of ICDCS},
  pages={283--292},
  year={2010},
}

@inproceedings{flowjoin,
  title={Flow-join: Adaptive skew handling for distributed joins over high-speed networks},
  author={R{\"o}diger, Wolf and others},
  booktitle={Proc. of ICDE},
  pages={1194--1205},
  year={2016},
}

@inproceedings{swarmdb,
  author = {Jeffrey, Mark C. and others},
  booktitle = {MICRO},
  title = {A scalable architecture for ordered parallelism.},
  year = 2015
}

@article{piql,
  title={PIQL: Success-tolerant query processing in the cloud},
  author={Armbrust, Michael and others},
  journal={PVLDB},
  volume={5},
  number={3},
  pages={181--192},
  year={2011}
}


@article{demarcationprotocol,
  title={The demarcation protocol: {A} technique for maintaining constraints in distributed database systems},
  author={Barbar{\'a}-Mill{\'a}, Daniel and others},
  journal={VLDB Journal},
  volume={3},
  number={3},
  pages={325--353},
  year={1994},
  publisher={Springer-Verlag New York, Inc.}
}

@article{snapshotIsolation,
  title={A critique of {ANSI} {SQL} isolation levels},
  author={Berenson, Hal and others},
  journal={ACM SIGMOD Record},
  volume={24},
  number={2},
  pages={1--10},
  year={1995},
}

@article{BinnigDSI,
  title={Distributed snapshot isolation: global transactions pay globally, local transactions pay locally},
  author={Binnig, Carsten and others},
  journal={ VLDB Journal},
  volume={23},
  number={6},
  pages={987--1011},
  year={2014},
  publisher={Springer}
}

@inproceedings{bds3,
  title={Building a database on {S3}},
  author={Brantner, Matthias and others},
  booktitle={Proc. of ACM SIGMOD},
  pages={251--264},
  year={2008},
}


@article{Schism:VLDB:2010,
  title={{Schism: a workload-driven approach to database replication and partitioning}},
  author={Curino, Carlo and others},
  journal={PVLDB},
  volume={3},
  number={1-2},
  pages={48--57},
  year={2010}
}

@inproceedings{farm14,
  title={{FaRM: Fast remote memory}},
  author={Dragojevi{\'c}, Aleksandar and others},
  booktitle={{NSDI}},
  pages={401--414},
  year={2014}
}

@inproceedings{farm15,
  title={No compromises: distributed transactions with consistency, availability, and performance},
  author={Dragojevi{\'c}, Aleksandar and others},
  booktitle={{OSDI}},
  pages={54--70},
  year={2015},
}

@inproceedings{OracleCoPartitioning,
  title={Supporting table partitioning by reference in oracle},
  author={Eadon, George and others},
  booktitle={Proc. of ACM SIGMOD},
  pages={1111--1122},
  year={2008},
}

@inproceedings{GeneralizedSI,
  title={Database replication using generalized snapshot isolation},
  author={Elnikety, Sameh and others},
  booktitle={IEEE SRDS 2005},
  pages={73--84},
  year={2005},
}

@incollection{EncyclopediaSI,
  author    = {Alan Fekete},
  title     = {Snapshot Isolation},
  booktitle = {Encyclopedia of Database Systems},
  year      = {2009},
  publisher = {Springer {US}}
}


@inproceedings{oltpThroughGlass,
  author    = {Stavros Harizopoulos and
               others},
  title     = {{OLTP} through the looking glass, and what we found there},
  booktitle = {{ACM SIGMOD}},
  year      = {2008}
}


@inproceedings{herd,
  title={Using RDMA efficiently for key-value services},
  author={Kalia, Anuj and others},
  booktitle={Proc. of ACM SIGCOMM},
  pages={295--306},
  year={2014},
}

@article{h-store,
  title={{H-store: a high-performance, distributed main memory transaction processing system}},
  author={Kallman, Robert and others},
  journal={PVLDB},
  volume={1},
  number={2},
  pages={1496--1499},
  year={2008}
}

@inproceedings{pilaf,
  title={{Using One-Sided RDMA Reads to Build a Fast, CPU-Efficient Key-Value Store}},
  author={Mitchell, Christopher and others},
  booktitle={Proc. of {USENIX ATC}},
  pages={103--114},
  year={2013}
}


@article{ramcloud,
  title={The case for {RAMCloud}},
  author={Ousterhout, John and others},
  journal={Communications of the ACM},
  volume={54},
  number={7},
  pages={121--130},
  year={2011},
  publisher={ACM}
}

@article{consistencyrationing,
  title={Consistency rationing in the cloud: pay only when it matters},
  author={Kraska, Tim and others},
  journal={PVLDB},
  volume={2},
  number={1},
  pages={253--264},
  year={2009}
}

@article{AmrWork,
  title={Relative serializability: An approach for relaxing the atomicity of transactions},
  author={Krishnaswamy, Vashudha and others},
  journal={J. Comput. Syst. Sci.},
  volume={55},
  number={2},
  pages={344--354},
  year={1997},
  publisher={Elsevier}
}

@inproceedings{azure,
 author = {Campbell, David G and others},
 title = {Extreme Scale with Full SQL Language Support in Microsoft SQL Azure},
 booktitle = {SIGMOD},
 year = {2010}
} 


@inproceedings{deuteronomy15,
  author    = {Justin J. Levandoski and others},
  title     = {High Performance Transactions in Deuteronomy},
  booktitle = {{CIDR} 2015, Online Proceedings},
  year      = {2015},
  url       = {http://www.cidrdb.org/cidr2015/Papers/CIDR15_Paper15.pdf},
  timestamp = {Tue, 24 Mar 2015 07:46:06 +0100},
  biburl    = {http://dblp.uni-trier.de/rec/bib/conf/cidr/LevandoskiLSSW15},
  bibsource = {dblp computer science bibliography, http://dblp.org}
}



@inproceedings{shared-database:sigmod2015,
  author    = {Simon Loesing and
               others},
  title     = {{On the Design and Scalability of Distributed Shared-Data Databases}},
  pages = {663--676 },
  booktitle = {{ACM SIGMOD}},
  year      = {2015}
}

@article{escrow,
  author    = {Patrick E. O'Neil},
  title     = {{The Escrow Transactional Method}},
  journal   = {{ACM} Trans. Database Syst.},
  year      = {1986}
}


@phdthesis{Andy-thesis,
  title={On Scalable Transaction Execution in Partitioned Main Memory Database Management Systems},
  author={Pavlo, Andrew},
  year={2014},
  school={Brown}
}

@article{PavloWork,
  title={On predictive modeling for optimizing transaction execution in parallel OLTP systems},
  author={Pavlo, Andrew and others},
  journal={PVLDB},
  volume={5},
  number={2},
  pages={85--96},
  year={2011}
}

@inproceedings{HStore:SIGMOD:2012,
  title={Skew-aware automatic database partitioning in shared-nothing, parallel OLTP systems},
  author={Pavlo, Andrew and others},
  booktitle={Proc. of ACM SIGMOD},
  pages={61--72},
  year={2012},
}

@inproceedings{Sword:EDBT:2013,
  title={{SWORD: scalable workload-aware data placement for transactional workloads}},
  author={Quamar, Abdul and others},
  booktitle={Proc. of EBDT},
  pages={430--441},
  year={2013},
}

@article{locking12,
  title={Lightweight locking for main memory database systems},
  author={Ren, Kun and others},
  journal={PVLDB},
  volume={6},
  number={2},
  pages={145--156},
  year={2012},
}

@inproceedings{onesize,
  title={``One size fits all": an idea whose time has come and gone},
  author={Stonebraker, Michael and Cetintemel, Ugur},
  booktitle={Proc. of ICDE},
  pages={2--11},
  year={2005},
}


@article{thecasefordeterministic,
  title={The case for determinism in database systems},
  author={Thomson, Alexander and others},
  journal={PVLDB},
  volume={3},
  number={1-2},
  pages={70--80},
  year={2010}
}


@inproceedings{LocalityAware,
  title={Locality-aware partitioning in parallel database systems},
  author={Zamanian, Erfan and others},
  booktitle={Proc. of ACM SIGMOD},
  pages={17--30},
  year={2015}
}

@article{abadiwork,
  title={Rethinking serializable multiversion concurrency control},
  author={Faleiro, Jose M and others},
  journal={PVLDB},
  volume={8},
  number={11},
  pages={1190--1201},
  year={2015}
}


@inproceedings{fasst2016,
  title={{FaSST}: fast, scalable and simple distributed transactions with two-sided ({RDMA}) datagram {RPCs}},
  author={Kalia, Anuj and others},
  booktitle={Proc. of OSDI},
  pages={185--201},
  year={2016},
}


@misc{snowflake,
key={snowflake},
title="{\url{http://snowflake.net/product/architecture}}"
}

@inproceedings{ps_osdi14,
 author = {Li, Mu and others},
 title = {Scaling Distributed Machine Learning with the Parameter Server},
 booktitle = {{USENIX OSDI}},
 year = {2014},
 isbn = {978-1-931971-16-4},
 location = {Broomfield, CO},
 pages = {583--598},

} 

@inproceedings{large-scale-rdma,
 author = {Zhu, Yibo and others},
 title = {{C}ongestion {C}ontrol for {L}arge-{S}cale {RDMA} {D}eployments},
 booktitle = {SIGCOMM},
 series = {},
 year = {2015},
 isbn = {978-1-4503-3542-3},
 location = {London, United Kingdom},
 pages = {523--536},
 numpages = {14},
 url = {http://doi.acm.org/10.1145/2785956.2787484},
 doi = {10.1145/2785956.2787484},
 acmid = {2787484},
 keywords = {ECN, PFC, RDMA, congestion control, datacenter transport},
} 


@misc{postel1981transmission,
  added-at = {2011-04-10T17:50:08.000+0200},
  author = {Postel, Jon},
  biburl = {https://www.bibsonomy.org/bibtex/2e0708630e30923a7d3b9ac7d07407190/lysander07},
  howpublished = {RFC 793 (Standard)},
  interhash = {156e951dd785858901981fdc872d7114},
  intrahash = {e0708630e30923a7d3b9ac7d07407190},
  keywords = {tcp wwkap8 www02 wwwbook},
  month = sep,
  note = {Updated by RFCs 1122, 3168},
  number = 793,
  organization = {Internet Engineering Task Force},
  publisher = {IETF},
  series = {Request for Comments},
  timestamp = {2011-04-10T17:50:08.000+0200},
  title = {{Transmission Control Protocol}},
  url = {http://www.ietf.org/rfc/rfc793.txt},
  year = 1981
}

@article{clark1988analysis,
 author = {Clark, David D. D. and van Jacobson, V. and Romkey, John and Salwen, Howard},
 title = {{An Analysis of TCP Processing Overhead}},
 journal = {Comm. Mag.},
 issue_date = {June 1989},
 volume = {27},
 number = {6},
 month = jun,
 year = {1989},
 issn = {0163-6804},
 pages = {23--29},
 numpages = {7},
 url = {http://dx.doi.org/10.1109/35.29545},
 doi = {10.1109/35.29545},
 acmid = {2288974},
 publisher = {IEEE Press},
 address = {Piscataway, NJ, USA},
} 

@article{Kay:1993:INT:167954.166262,
 author = {Kay, Jonathan and Pasquale, Joseph},
 title = {The Importance of Non-data Touching Processing Overheads in TCP/IP},
 journal = {SIGCOMM Comput. Commun. Rev.},
 issue_date = {Oct. 1993},
 volume = {23},
 number = {4},
 month = oct,
 year = {1993},
 issn = {0146-4833},
 pages = {259--268},
 numpages = {10},
 url = {http://doi.acm.org/10.1145/167954.166262},
 doi = {10.1145/167954.166262},
 acmid = {166262},
 publisher = {ACM},
 address = {New York, NY, USA},
} 


@inproceedings{DBLP:conf/ispass/FoongHHPR03,
  author    = {Annie P. Foong and
               Thomas R. Huff and
               Herbert H. Hum and
               Jaidev R. Patwardhan and
               Greg J. Regnier},
  title     = {{TCP} performance re-visited},
  booktitle = {2003 {IEEE} International Symposium on Performance Analysis of Systems
               and Software, March 6-8, 2003, Austin, Texas, USA, Proceedings},
  pages     = {70--79},
  year      = {2003},
  url       = {https://doi.org/10.1109/ISPASS.2003.1190234},
  doi       = {10.1109/ISPASS.2003.1190234},
  timestamp = {Tue, 23 May 2017 01:10:56 +0200},
  biburl    = {http://dblp.org/rec/bib/conf/ispass/FoongHHPR03},
  bibsource = {dblp computer science bibliography, http://dblp.org}
}


@misc{MellanoxTechnologies2015,
author = {{Mellanox Technologies}},
title = {{RDMA Aware Networks Programming User Manual}},
url = {www.mellanox.com},
howpublished = {\url{http://www.mellanox.com/related-docs/prod\_software/RDMA\_Aware\_Programming\_user\_manual.pdf}},
urldate = {2019-03-01},
year = {2015}
}

@article{InfiniBandintroduction,
  title={Introduction to infiniband for end users},
  author={Grun, Paul},
  journal={White paper, InfiniBand{\textregistered} Trade Association (IBTA)},
  year={2010}
}


@misc{infiniband2014supplement,
  title={Supplement to Infiniband Architecture Specification Volume 1, Release 1.2. 1: Annex {A17}: {RDMA} over {Converged Ethernet} ({RoCE})},
  author={{InfiniBand{\textregistered} Trade Association (IBTA)}},
  year={2014},
  publisher={Apr}
}


@misc{WP_RoCE_vs_iWARP,
author = {{Mellanox Technologies}},
title = {{RoCE vs. iWARP Competitive Analysis}},
url = {www.mellanox.com},
howpublished = {\url{http://www.mellanox.com/related-docs/whitepapers/WP_RoCE_vs_iWARP.pdf}},
urldate = {2019-03-03},
year = {2017}
}

@article{sortvshash2009,
 author = {Kim, Changkyu and Kaldewey, Tim and Lee, Victor W. and Sedlar, Eric and Nguyen, Anthony D. and Satish, Nadathur and Chhugani, Jatin and Di Blas, Andrea and Dubey, Pradeep},
 title = {Sort vs. Hash Revisited: Fast Join Implementation on Modern Multi-core CPUs},
 journal = {Proc. VLDB Endow.},
 issue_date = {August 2009},
 volume = {2},
 number = {2},
 month = aug,
 year = {2009},
 issn = {2150-8097},
 pages = {1378--1389},
 numpages = {12},
 url = {https://doi.org/10.14778/1687553.1687564},
 doi = {10.14778/1687553.1687564},
 acmid = {1687564},
 publisher = {VLDB Endowment},
} 

@article{sortvshash2013,
 author = {Balkesen, Cagri and Alonso, Gustavo and Teubner, Jens and \"{O}zsu, M. Tamer},
 title = {Multi-core, Main-memory Joins: Sort vs. Hash Revisited},
 journal = {Proc. VLDB Endow.},
 issue_date = {September 2013},
 volume = {7},
 number = {1},
 month = sep,
 year = {2013},
 issn = {2150-8097},
 pages = {85--96},
 numpages = {12},
 url = {http://dx.doi.org/10.14778/2732219.2732227},
 doi = {10.14778/2732219.2732227},
 acmid = {2732227},
 publisher = {VLDB Endowment},
}

@inproceedings{noparthashjoin2011,
 author = {Blanas, Spyros and Li, Yinan and Patel, Jignesh M.},
 title = {Design and Evaluation of Main Memory Hash Join Algorithms for Multi-core CPUs},
 booktitle = {Proceedings of the 2011 ACM SIGMOD International Conference on Management of Data},
 series = {SIGMOD '11},
 year = {2011},
 isbn = {978-1-4503-0661-4},
 location = {Athens, Greece},
 pages = {37--48},
 numpages = {12},
 url = {http://doi.acm.org/10.1145/1989323.1989328},
 doi = {10.1145/1989323.1989328},
 acmid = {1989328},
 publisher = {ACM},
 address = {New York, NY, USA},
 keywords = {hash join, main memory, multi-core},
} 

@inproceedings{hashjoins2013,
 author = {Teubner, Jens and Alonso, Gustavo and Balkesen, Cagri and Ozsu, M. Tamer},
 title = {Main-memory Hash Joins on Multi-core CPUs: Tuning to the Underlying Hardware},
 booktitle = {Proceedings of the 2013 IEEE International Conference on Data Engineering (ICDE 2013)},
 series = {ICDE '13},
 year = {2013},
 isbn = {978-1-4673-4909-3},
 pages = {362--373},
 numpages = {12},
 url = {http://dx.doi.org/10.1109/ICDE.2013.6544839},
 doi = {10.1109/ICDE.2013.6544839},
 acmid = {2511320},
 publisher = {IEEE Computer Society},
 address = {Washington, DC, USA},
} 

@article{Manegold:2002,
 author = {Manegold, Stefan and Boncz, Peter and Kersten, Martin},
 title = {Optimizing Main-Memory Join on Modern Hardware},
 journal = {IEEE Trans. on Knowl. and Data Eng.},
 issue_date = {July 2002},
 volume = {14},
 number = {4},
 month = jul,
 year = {2002},
 issn = {1041-4347},
 pages = {709--730},
 numpages = {22},
 url = {https://doi.org/10.1109/TKDE.2002.1019210},
 doi = {10.1109/TKDE.2002.1019210},
 acmid = {628243},
 publisher = {IEEE Educational Activities Department},
 address = {Piscataway, NJ, USA},
 keywords = {Main-memory databases, query processing, memory access optimization, decomposed storage model, join algorithms, implementation techniques.},
} 

@inproceedings{Boncz:1999,
 author = {Boncz, Peter A. and Manegold, Stefan and Kersten, Martin L.},
 title = {Database Architecture Optimized for the New Bottleneck: Memory Access},
 booktitle = {Proceedings of the 25th International Conference on Very Large Data Bases},
 series = {VLDB '99},
 year = {1999},
 isbn = {1-55860-615-7},
 pages = {54--65},
 numpages = {12},
 url = {http://dl.acm.org/citation.cfm?id=645925.671364},
 acmid = {671364},
 publisher = {Morgan Kaufmann Publishers Inc.},
 address = {San Francisco, CA, USA},
} 

@inproceedings{Barthels:2015,
 author = {Barthels, Claude and Loesing, Simon and Alonso, Gustavo and Kossmann, Donald},
 title = {Rack-Scale In-Memory Join Processing Using RDMA},
 booktitle = {Proceedings of the 2015 ACM SIGMOD International Conference on Management of Data},
 series = {SIGMOD '15},
 year = {2015},
 isbn = {978-1-4503-2758-9},
 location = {Melbourne, Victoria, Australia},
 pages = {1463--1475},
 numpages = {13},
 url = {http://doi.acm.org/10.1145/2723372.2750547},
 doi = {10.1145/2723372.2750547},
 acmid = {2750547},
 publisher = {ACM},
 address = {New York, NY, USA},
 keywords = {distributed join, distributed query processing, join processing with rdma, rack scale databases},
}


@inproceedings{microsoft:smartnic:2018,
  added-at = {2018-04-13T00:00:00.000+0200},
  author = {Firestone, Daniel and Putnam, Andrew and Mundkur, Sambrama and Chiou, Derek and Dabagh, Alireza and Andrewartha, Mike and Angepat, Hari and Bhanu, Vivek and Caulfield, Adrian M. and Chung, Eric S. and Chandrappa, Harish Kumar and Chaturmohta, Somesh and Humphrey, Matt and Lavier, Jack and Lam, Norman and Liu, Fengfen and Ovtcharov, Kalin and Padhye, Jitu and Popuri, Gautham and Raindel, Shachar and Sapre, Tejas and Shaw, Mark and Silva, Gabriel and Sivakumar, Madhan and Srivastava, Nisheeth and Verma, Anshuman and Zuhair, Qasim and Bansal, Deepak and Burger, Doug and Vaid, Kushagra and Maltz, David A. and Greenberg, Albert G.},
  biburl = {https://www.bibsonomy.org/bibtex/20b8eb0f921fc874df1b1fbf35ae18e6a/dblp},
  booktitle = {NSDI},
  editor = {Banerjee, Sujata and Seshan, Srinivasan},
  ee = {https://www.usenix.org/conference/nsdi18/presentation/firestone},
  interhash = {a4501cf3d6cb66c0f6dc624c2ea958a4},
  intrahash = {0b8eb0f921fc874df1b1fbf35ae18e6a},
  keywords = {dblp},
  pages = {51-66},
  publisher = {USENIX Association},
  timestamp = {2018-04-14T11:41:18.000+0200},
  title = {Azure Accelerated Networking: SmartNICs in the Public Cloud.},
  year = 2018
}

@article{Kaufmann:FlexNIC:2016,
 author = {Kaufmann, Antoine and Peter, SImon and Sharma, Naveen Kr. and Anderson, Thomas and Krishnamurthy, Arvind},
 title = {High Performance Packet Processing with FlexNIC},
 journal = {SIGPLAN Not.},
 issue_date = {April 2016},
 volume = {51},
 number = {4},
 month = mar,
 year = {2016},
 issn = {0362-1340},
 pages = {67--81},
 numpages = {15},
 url = {http://doi.acm.org/10.1145/2954679.2872367},
 doi = {10.1145/2954679.2872367},
 acmid = {2872367},
 publisher = {ACM},
 address = {New York, NY, USA},
 keywords = {DMA, flexible network processing, match-and-action processing, network interface card},
} 


@inproceedings{Hoefler:sPIN:2017,
 author = {Hoefler, Torsten and Di Girolamo, Salvatore and Taranov, Konstantin and Grant, Ryan E. and Brightwell, Ron},
 title = {sPIN: High-performance Streaming Processing In the Network},
 booktitle = {Proceedings of the International Conference for High Performance Computing, Networking, Storage and Analysis},
 series = {SC '17},
 year = {2017},
 isbn = {978-1-4503-5114-0},
 location = {Denver, Colorado},
 pages = {59:1--59:16},
 articleno = {59},
 numpages = {16},
 url = {http://doi.acm.org/10.1145/3126908.3126970},
 doi = {10.1145/3126908.3126970},
 acmid = {3126970},
 publisher = {ACM},
 address = {New York, NY, USA},
}

@inproceedings{Graham:SHARP:2016,
 author = {Graham, Richard L. and Bureddy, Devendar and Lui, Pak and Rosenstock, Hal and Shainer, Gilad and Bloch, Gil and Goldenerg, Dror and Dubman, Mike and Kotchubievsky, Sasha and Koushnir, Vladimir and Levi, Lion and Margolin, Alex and Ronen, Tamir and Shpiner, Alexander and Wertheim, Oded and Zahavi, Eitan},
 title = {Scalable Hierarchical Aggregation Protocol (SHArP): A Hardware Architecture for Efficient Data Reduction},
 booktitle = {Proceedings of the First Workshop on Optimization of Communication in HPC},
 series = {COM-HPC '16},
 year = {2016},
 isbn = {978-1-5090-3829-9},
 location = {Salt Lake City, Utah},
 pages = {1--10},
 numpages = {10},
 url = {https://doi.org/10.1109/COM-HPC.2016.6},
 doi = {10.1109/COM-HPC.2016.6},
 acmid = {3018059},
 publisher = {IEEE Press},
 address = {Piscataway, NJ, USA},
}


@inproceedings{lerner:netaccel:2019,
  author    = {Alberto Lerner and others},
  title     = {he Case for Network Accelerated Query Processing},
  booktitle = {{CIDR} 2019, Online Proceedings},
  year      = {2019},
  url       = {http://cidrdb.org/cidr2019/papers/p142-lerner-cidr19.pdf}
}

@inproceedings{Bosshart:2013:FMF,
 author = {Bosshart, Pat and Gibb, Glen and Kim, Hun-Seok and Varghese, George and McKeown, Nick and Izzard, Martin and Mujica, Fernando and Horowitz, Mark},
 title = {Forwarding Metamorphosis: Fast Programmable Match-action Processing in Hardware for SDN},
 booktitle = {Proceedings of the ACM SIGCOMM 2013 Conference on SIGCOMM},
 series = {SIGCOMM '13},
 year = {2013},
 isbn = {978-1-4503-2056-6},
 location = {Hong Kong, China},
 pages = {99--110},
 numpages = {12},
 url = {http://doi.acm.org/10.1145/2486001.2486011},
 doi = {10.1145/2486001.2486011},
 acmid = {2486011},
 publisher = {ACM},
 address = {New York, NY, USA},
 keywords = {reconfigurable match tables, rmt model, sdn},
} 

@techreport{MPI:1994,
 author = {Forum, Message P},
 title = {MPI: A Message-Passing Interface Standard},
 year = {1994},
 source = {http://www.ncstrl.org:8900/ncstrl/servlet/search?formname=detail\&id=oai%3Ancstrlh%3Autk_cs%3Ancstrl.utk_cs%2F%2FUT-CS-94-230},
 publisher = {University of Tennessee},
 address = {Knoxville, TN, USA},
} 

@inproceedings{CIDR:DPI:2019,
  author    = {Gustavo Alonso and
               Carsten Binnig and
               Ippokratis Pandis and
               Kenneth Salem and
               Jan Skrzypczak and
               Ryan Stutsman and
               Lasse Thostrup and
               Tianzheng Wang and
               Zeke Wang and
               Tobias Ziegler},
  title     = {{DPI:} The Data Processing Interface for Modern Networks},
  booktitle = {{CIDR}},
  publisher = {www.cidrdb.org},
  year      = {2019}
}

@book{zsu:2011:PDD,
 author = {zsu, M. Tamer and Valduriez, Patrick},
 title = {Principles of Distributed Database Systems},
 year = {2011},
 isbn = {1441988335},
 edition = {3rd},
 publisher = {Springer Publishing Company, Incorporated},
}


@inproceedings{Sur:2006:HSM,
 author = {Sur, Sayantan and Koop, Matthew J. and Panda, Dhabaleswar K.},
 title = {High-performance and Scalable MPI over InfiniBand with Reduced Memory Usage: An In-depth Performance Analysis},
 booktitle = {Proceedings of the 2006 ACM/IEEE Conference on Supercomputing},
 series = {SC '06},
 year = {2006},
 isbn = {0-7695-2700-0},
 location = {Tampa, Florida},
 articleno = {105},
 url = {http://doi.acm.org/10.1145/1188455.1188565},
 doi = {10.1145/1188455.1188565},
 acmid = {1188565},
 publisher = {ACM},
 address = {New York, NY, USA},
}


@Book{ArpaciDusseau14-Book,
  author =       {Remzi H. Arpaci-Dusseau and Andrea C. Arpaci-Dusseau},
  title =        "{Operating Systems: Three Easy Pieces}",
  publisher =    {Arpaci-Dusseau Books},
  month =        {03},
  year =         {2015},
  edition =      {0.91},
}

@inproceedings {floem2018,
author = {Phitchaya Mangpo Phothilimthana and Ming Liu and Antoine Kaufmann and Simon Peter and Rastislav Bodik and Thomas Anderson},
title = {Floem: A Programming System for NIC-Accelerated Network Applications},
booktitle = {13th {USENIX} Symposium on Operating Systems Design and Implementation ({OSDI} 18)},
year = {2018},
isbn = {978-1-931971-47-8},
address = {Carlsbad, CA},
pages = {663--679},
url = {https://www.usenix.org/conference/osdi18/presentation/phothilimthana},
publisher = {{USENIX} Association},
}

@inproceedings{cidr_switch_join_lerner_2019,
  author    = {Alberto Lerner and
               Rana Hussein and
               Philippe Cudr{\'{e}}{-}Mauroux},
  title     = {The Case for Network Accelerated Query Processing},
  booktitle = {{CIDR} 2019, 9th Biennial Conference on Innovative Data Systems Research,
               Asilomar, CA, USA, January 13-16, 2019, Online Proceedings},
  year      = {2019},
  url       = {http://cidrdb.org/cidr2019/papers/p142-lerner-cidr19.pdf},
  timestamp = {Thu, 17 Jan 2019 16:08:33 +0100},
  biburl    = {https://dblp.org/rec/bib/conf/cidr/LernerHC19},
  bibsource = {dblp computer science bibliography, https://dblp.org}
}

@inproceedings{Chen:2009:incast,
 author = {Chen, Yanpei and Griffith, Rean and Liu, Junda and Katz, Randy H. and Joseph, Anthony D.},
 title = {Understanding TCP Incast Throughput Collapse in Datacenter Networks},
 booktitle = {Proceedings of the 1st ACM Workshop on Research on Enterprise Networking},
 series = {WREN '09},
 year = {2009},
 isbn = {978-1-60558-443-0},
 location = {Barcelona, Spain},
 pages = {73--82},
 numpages = {10},
 url = {http://doi.acm.org/10.1145/1592681.1592693},
 doi = {10.1145/1592681.1592693},
 acmid = {1592693},
 publisher = {ACM},
 address = {New York, NY, USA},
 keywords = {TCP, incast, throughput collapse, unix},
} 


@book{Westerman:2000,
 author = {Westerman, Paul},
 title = {Data Warehousing: Using the Wal-Mart Model},
 year = {2001},
 isbn = {1-55860-684-X},
 publisher = {Morgan Kaufmann Publishers Inc.},
 address = {San Francisco, CA, USA},
} 


@misc{nytimes:example,
 author = {Derek Gottfrid},
  title = {Self-Service, Prorated Supercomputing Fun!},
  year = {2007},
  howpublished = {\url{https://open.blogs.nytimes.com/2007/11/01/self-service-prorated-super-computing-fun}},
  note = {Accessed: 2019-04-01}
}